@book{gujarati,
  title={Basic Econometrics},
  author={Gujarati, D., N.},
  isbn={9780071123426},
  url={https://himayatullah.weebly.com/uploads/5/3/4/0/53400977/gujarati\_book.pdf},
  year={2003},
  publisher={McGraw-HiII/lrwin}
}
